@article{schilardi2000stable,
  title     = {Stable interface dynamics for copper electrodeposition in the presence of organic additives: Evidence for a gas-like surface state of the organic adsorbate},
  author    = {Schilardi, PL and Azzaroni, O and Salvarezza, RC},
  journal   = {Physical Review B},
  volume    = {62},
  number    = {19},
  pages     = {13098},
  year      = {2000},
  publisher = {APS}
}

@article{kothekar2007comparative,
  title     = {Comparative analysis of the properties of Tween-20, Tween-60, Tween-80, Arlacel-60, and Arlacel-80},
  author    = {Kothekar, Shrinivas C and Ware, Adinath M and Waghmare, Jyotsna T and Momin, SA},
  journal   = {Journal of dispersion science and technology},
  volume    = {28},
  number    = {3},
  pages     = {477--484},
  year      = {2007},
  publisher = {Taylor \& Francis}
}

@article{hait2001determination,
  title     = {Determination of critical micelle concentration (CMC) of nonionic surfactants by donor-acceptor interaction with lodine and correlation of CMC with hydrophile-lipophile balance and other parameters of the surfactants},
  author    = {Hait, Samik Kumar and Moulik, Satya Priya},
  journal   = {Journal of Surfactants and Detergents},
  volume    = {4},
  number    = {3},
  pages     = {303--309},
  year      = {2001},
  publisher = {Wiley Online Library}
}

@article{mahmood2013effect,
  title   = {Effect of temperature changes on critical micelle concentration for tween series surfactant},
  author  = {Mahmood, May Essa and Al-Koofee, Dhafer AF},
  journal = {Glob. J. Sci. Front. Res. Chem},
  volume  = {13},
  number  = {1},
  year    = {2013}
}
