@article{kondo1995reaction,
  title     = {A reaction--diffusion wave on the skin of the marine angelfish Pomacanthus},
  author    = {Kondo, Shigeru and Asai, Rihito},
  journal   = {Nature},
  volume    = {376},
  number    = {6543},
  pages     = {765--768},
  year      = {1995},
  publisher = {Nature Publishing Group UK London}
}

@article{koschmieder1974benard,
  title     = {B{\'e}nard convection},
  author    = {Koschmieder, EL},
  journal   = {Advances in Chemical Physics},
  volume    = {26},
  pages     = {177--212},
  year      = {1974},
  publisher = {Wiley Online Library}
}

@article{mukouyama2002sensory,
  title     = {Sensory nerves determine the pattern of arterial differentiation and blood vessel branching in the skin},
  author    = {Mukouyama, Yoh-suke and Shin, Donghun and Britsch, Stefan and Taniguchi, Masahiko and Anderson, David J},
  journal   = {Cell},
  volume    = {109},
  number    = {6},
  pages     = {693--705},
  year      = {2002},
  publisher = {Elsevier}
}

@article{matsushita1984fractal,
  title     = {Fractal structures of zinc metal leaves grown by electrodeposition},
  author    = {Matsushita, M and Sano, M and Hayakawa, Y and Honjo, Haruo and Sawada, Y},
  journal   = {Physical review letters},
  volume    = {53},
  number    = {3},
  pages     = {286},
  year      = {1984},
  publisher = {APS}
}

@article{suda2003temperature,
  title     = {Temperature effect on the morphology and fractal dimensions of zinc metal leaves},
  author    = {Suda, Fujio and Kawauchi, Shin-a and Ito, Mitsuru},
  journal   = {Japanese journal of applied physics},
  volume    = {42},
  number    = {10R},
  pages     = {6726},
  year      = {2003},
  publisher = {IOP Publishing}
}

@book{フラクタルの物理Ⅰ,
  title     = {フラクタルの物理Ⅰ},
  author    = {松下貢},
  year      = {2002},
  publisher = {裳華房}
}

@book{フラクタルの物理Ⅱ,
  title     = {フラクタルの物理Ⅱ},
  author    = {松下貢},
  year      = {2004},
  publisher = {裳華房}
}