@book{elements,
  title     = {The Elements of Statistical Learning},
  subtitle  = {Data Mining, Inference, and Prediction},
  author    = {Trevor Hastie and Robert Tibshirani and Jerome Friedman},
  year      = {2009},
  publisher = {Springer-Verlag New York},
  edition   = {2},
  issn      = {0172-7397},
  doi       = {10.1007/978-0-387-84858-7},
  series    = {Springer Series in Statistics}
}

@online{BZ,
  author = {suematsu},
  date   = {},
  doi    = {},
  editor = {},
  eprint = {},
  title  = {},
  url    = {https://www.isc.meiji.ac.jp/~suematsu/research/pattern.html},
  year   = {}
}